<record><leader>00000cas a22000007a 4500</leader><controlfield tag="001">12813613</controlfield><controlfield tag="008">851118d19011908utuwr ne      0   a0eng c</controlfield><controlfield tag="009">5593</controlfield><datafield ind1=" " ind2=" " tag="010"><subfield code="a">sn 85058310 </subfield></datafield><datafield ind1=" " ind2=" " tag="040"><subfield code="a">UNP</subfield><subfield code="b">eng</subfield><subfield code="c">UNP</subfield><subfield code="d">CLU</subfield><subfield code="d">DLC</subfield><subfield code="d">OCLCF</subfield></datafield><datafield ind1=" " ind2=" " tag="012"><subfield code="l">a</subfield></datafield><datafield ind1="0" ind2=" " tag="022"><subfield code="a">2163-4777</subfield><subfield code="2">1</subfield></datafield><datafield ind1="1" ind2=" " tag="029"><subfield code="a">AU@</subfield><subfield code="b">000041575650</subfield></datafield><datafield ind1=" " ind2=" " tag="042"><subfield code="a">pcc</subfield><subfield code="a">nsdp</subfield></datafield><datafield ind1=" " ind2=" " tag="043"><subfield code="a">n-us-ut</subfield></datafield><datafield ind1="0" ind2="0" tag="050"><subfield code="a">Newspaper</subfield></datafield><datafield ind1=" " ind2="4" tag="050"><subfield code="a">AP2.U8</subfield><subfield code="b">T78</subfield></datafield><datafield ind1="1" ind2="0" tag="082"><subfield code="a">070</subfield><subfield code="2">14</subfield></datafield><datafield ind1="0" ind2=" " tag="130"><subfield code="a">Truth (Salt Lake City, Utah : Weekly)</subfield></datafield><datafield ind1=" " ind2="0" tag="222"><subfield code="a">Truth</subfield><subfield code="b">(Salt Lake City, Utah. Weekly)</subfield></datafield><datafield ind1="1" ind2="0" tag="245"><subfield code="a">Truth.</subfield></datafield><datafield ind1="1" ind2="3" tag="246"><subfield code="a">Western weekly</subfield></datafield><datafield ind1=" " ind2=" " tag="260"><subfield code="a">Salt Lake City, Utah :</subfield><subfield code="b">Truth Pub. Co.,</subfield><subfield code="c">1901-1908.</subfield></datafield><datafield ind1=" " ind2=" " tag="300"><subfield code="a">9 v. :</subfield><subfield code="b">ill.</subfield></datafield><datafield ind1=" " ind2=" " tag="310"><subfield code="a">Weekly</subfield></datafield><datafield ind1="0" ind2=" " tag="362"><subfield code="a">Vol. 1, no. 1 (Sept. 14, 1901)-v. 9, no. 9 (Nov. 7, 1908).</subfield></datafield><datafield ind1=" " ind2=" " tag="500"><subfield code="a">Subtitle:  Western weekly, May 2-Aug. 1, 1908.</subfield></datafield><datafield ind1=" " ind2=" " tag="530"><subfield code="a">Archived issues are available in digital format as part of the Library of Congress Chronicling America online collection.</subfield></datafield><datafield ind1=" " ind2=" " tag="580"><subfield code="a">Sometimes published as: Western weekly, Aug. 8-Nov.7, 1908.</subfield></datafield><datafield ind1=" " ind2=" " tag="580"><subfield code="a">Also published in daily edition.</subfield></datafield><datafield ind1=" " ind2="0" tag="651"><subfield code="a">Salt Lake City (Utah)</subfield><subfield code="v">Newspapers.</subfield></datafield><datafield ind1=" " ind2="7" tag="655"><subfield code="a">Newspapers.</subfield><subfield code="2">fast</subfield><subfield code="0">(OCoLC)fst01423814</subfield></datafield><datafield ind1=" " ind2="7" tag="651"><subfield code="a">Utah</subfield><subfield code="z">Salt Lake City.</subfield><subfield code="2">fast</subfield><subfield code="0">(OCoLC)fst01205314</subfield></datafield><datafield ind1=" " ind2=" " tag="752"><subfield code="a">United States</subfield><subfield code="b">Utah</subfield><subfield code="c">Salt Lake</subfield><subfield code="d">Salt Lake City.</subfield></datafield><datafield ind1="0" ind2=" " tag="775"><subfield code="t">Truth (Salt Lake City, Utah : Daily)</subfield><subfield code="w">(DLC)sn 85058309</subfield><subfield code="w">(OCoLC)12813580</subfield></datafield><datafield ind1="0" ind2="0" tag="785"><subfield code="t">Western monthly (Salt Lake City, Utah)</subfield><subfield code="w">(DLC)  2007222525</subfield><subfield code="w">(OCoLC)12815840</subfield></datafield><datafield ind1="4" ind2="1" tag="856"><subfield code="u">http://www.loc.gov/chroniclingamerica/lccn/sn85058310/issues</subfield></datafield></record>